@article{autor2025articulo,
  author  = {Apellido, Nombre and Otro Apellido, Nombre},
  title   = {Título del Artículo Científico},
  journal = {Nombre de la Revista},
  year    = {2025},
  volume  = {10},
  pages   = {123--145},
}

@book{autor2024libro,
  author    = {Apellido, Nombre},
  title     = {Título del Libro Completo},
  publisher = {Nombre de la Editorial},
  year      = {2024},
  address   = {Ciudad de Publicación},
}